<?xml version="1.0" encoding="UTF-8"?><collection><record><leader>06433ntm a2200553 a 4500</leader><controlfield tag="001">006817991</controlfield><controlfield tag="003">MiAaHDL</controlfield><controlfield tag="005">20190719000000.0</controlfield><controlfield tag="006">m        d        </controlfield><controlfield tag="007">cr bn ---auaua</controlfield><controlfield tag="008">090612s1822    xx            00| ||per d</controlfield><datafield tag="035" ind1=" " ind2=" "><subfield code="a">(MiU)006817991</subfield></datafield><datafield tag="035" ind1=" " ind2=" "><subfield code="a">sdr-miu006817991</subfield></datafield><datafield tag="040" ind1=" " ind2=" "><subfield code="a">MiU</subfield><subfield code="c">MiU</subfield><subfield code="e">amremm</subfield></datafield><datafield tag="043" ind1=" " ind2=" "><subfield code="a">n-us-mi</subfield></datafield><datafield tag="100" ind1="1" ind2=" "><subfield code="6">880-01</subfield><subfield code="a">Farāhī, Barkhūrdār ibn Maḥmūd,</subfield><subfield code="d">active 16th century.</subfield></datafield><datafield tag="240" ind1="1" ind2="0"><subfield code="6">880-02</subfield><subfield code="a">Maḥbūb al-qulūb</subfield></datafield><datafield tag="245" ind1="1" ind2="0"><subfield code="6">880-03</subfield><subfield code="a">Shamsah va Qahqahah,</subfield><subfield code="f">[1237, i.e. 1822].</subfield></datafield><datafield tag="260" ind1=" " ind2=" "><subfield code="c">[1822].</subfield></datafield><datafield tag="300" ind1=" " ind2=" "><subfield code="a">180 leaves :</subfield><subfield code="b">paper ;</subfield><subfield code="c">275 x 190 (203 x 126) mm.</subfield></datafield><datafield tag="500" ind1=" " ind2=" "><subfield code="a">Shelfmark: Ann Arbor, University of Michigan, Special Collections Library, Isl. Ms. 351</subfield></datafield><datafield tag="500" ind1=" " ind2=" "><subfield code="a">Origin: As appears in colophon on p.358, transcription completed 17 Ramaḍān 1238 [ca. 28 May 1822].</subfield></datafield><datafield tag="500" ind1=" " ind2=" "><subfield code="a">Accompanying materials: Slip with excerpts (in Persian, black ink) paginated (pp.149-150).</subfield></datafield><datafield tag="500" ind1=" " ind2=" "><subfield code="a">Former shelfmark: "431 T. De M. [i.e. Tammaro De Marinis]" inscribed in pencil on front flyleaf (p.1).</subfield></datafield><datafield tag="500" ind1=" " ind2=" "><subfield code="a">Binding: Heavy pasteboards covered in painted lacquerwork, spine in dark brown leather ; Type III binding (without flap) ; doublures in fine painted lacquerwork of swirling floral vegetal composition radiating from a central many-petalled flower in gold on a black ground and surrounded by vegetal border (composition of upper doublure mirrors that of lower doublure) ; upper and lower covers bear paintings of nearly identical floral composition in mirror image to one another on a dark red background, namely a stand of peonies, poppies, roses, etc. surrounded by other floral forms all in shades of pink, light blue and white with stalks and leaves in various shades of green, and surrounded by decorative band of vegetal motifs on a black ground framed in gold-painted borders ; sewn in pink and dark yellow thread, two stations, failing with some gatherings loose ; worked endbands damaged and nearly gone (head and tail) ; overall in fair condition with some abrasion and losses to lacquerwork and pasteboard, etc.</subfield></datafield><datafield tag="500" ind1=" " ind2=" "><subfield code="a">Support: non-European (likely Persian or Indian) laid paper with 11 laid lines per cm. (vertical and horizontal, some curving, fairly distinct) and no chain lines visible, thin, crisp and transluscent though sturdy, well-sized and burnished to glossy, gray to off-white in tone ; minor pest damage.</subfield></datafield><datafield tag="500" ind1=" " ind2=" "><subfield code="a">Decoration: Exquisite illuminated headpiece (ʻunwān / sarlawḥ) at opening on p.4 consisting of a narrow rectangular piece carrying the basmalah set off by gold cloud-bands and flanked by elaborate floral vegetal compositions on fields of gold and blue with red accents (evoking a series of domes), surmounted by another narrow rectangular piece with empty gold cartouche flanked by elaborate floral vegetal composition on fields of gold and blue with red accents (evoking a perimeter of domes), itself surmounted by a large scalloped dome in gold (with blue mandorla at the center) set against a w-shaped piece in blue (approaching lapis lazuli) all filled with swirling vegetal composition with floral motifs in sades of orange, pink, lavender, blue, yellow, etc. and set in an elaborate well of cartouches in blue, gold, and red filled with floral compositions and bordered in bands of red and white, entire piece set in a well of heavy interlace in gold and black, defined by white bands ; on incipit and facing page (pp.4-5), splendid illuminated marginal decoration consisting of a swirling vegetal composition with sāz leaves and floral forms in gold, orange, pink, blue, etc. ; written area of incipit and facing page bordered in bands of blue and gold with text set off by gold cloud-bands ; elsewhere written area surrounded by gold frame with defining black fillets and outermost blue rule, divisions within and margin defined by gold rules.</subfield></datafield><datafield tag="500" ind1=" " ind2=" "><subfield code="a">Script: Nastaʻlīq ; elegant hand ; serifless, with effect of words descending to baseline, closed counters, and elongated horizontal strokes.</subfield></datafield><datafield tag="500" ind1=" " ind2=" "><subfield code="a">Layout: Written in 19 lines per page, written area occasionally divided to set off poetry ; frame-ruled.</subfield></datafield><datafield tag="500" ind1=" " ind2=" "><subfield code="a">Collation: 22 IV(176), II (180) ; almost exclusively quaternions ; final leaf left blank ; catchwords present ; pagination in pencil, Western numerals, supplied during digitization (includes insert).</subfield></datafield><datafield tag="500" ind1=" " ind2=" "><subfield code="a">Colophon: "Scribal," reads "... با قليمى رسا بند و ازان تاريخ با سجال نه خود مراجعت كردند و نه مكتوبى از ايشان رسيد دوخ روز از دام مكر و جمله و تزوير ايشان نسخات باقيه بعيش و نشاط مشغول كرديد بتوفيق الله تعالى در صبح يوم الاربعاء سابع عشر شهر رمضان المبارك باتمام رسيد وكان تحرير ذلك في سنه ۱۲۳۸"</subfield></datafield><datafield tag="500" ind1=" " ind2=" "><subfield code="a">Incipit: "چهره پرداز عرایس حریم عجز و نیاز و مصور نگارخانۀ فرنگ آب و رنگ مضمون اين نسخۀ مسرت طراز ..."</subfield></datafield><datafield tag="500" ind1=" " ind2=" "><subfield code="a">Title from inscription on front flyleaf (p.1) and from opening matter on p.5.</subfield></datafield><datafield tag="500" ind1=" " ind2=" "><subfield code="a">Ms. codex.</subfield></datafield><datafield tag="520" ind1="8" ind2=" "><subfield code="a">Exquisite copy of excerpts from the collection of stories by Mīrzā Barkhvurdār ibn Maḥmūd Turkmān [Turkamān], Mumtāz Farāhī.</subfield></datafield><datafield tag="538" ind1=" " ind2=" "><subfield code="a">Mode of access: Internet.</subfield></datafield><datafield tag="541" ind1=" " ind2=" "><subfield code="c">Purchase ;</subfield><subfield code="a">Acquired by purchase (funds donated by Horace Rackham).</subfield><subfield code="d">1924.</subfield></datafield><datafield tag="546" ind1=" " ind2=" "><subfield code="a">Persian.</subfield></datafield><datafield tag="561" ind1=" " ind2=" "><subfield code="a">Inscription in pencil on front flyleaf (p.1) "431 T. De M. [i.e. Tammaro De Marinis]" ; ownership statement on front flyleaf (p.1) ; occasional glosses and marginal corrections.</subfield></datafield><datafield tag="650" ind1=" " ind2="0"><subfield code="a">Manuscripts, Persian</subfield><subfield code="z">Michigan</subfield><subfield code="z">Ann Arbor.</subfield></datafield><datafield tag="650" ind1=" " ind2="0"><subfield code="a">Social ethics in literature</subfield><subfield code="v">Early works to 1800.</subfield></datafield><datafield tag="650" ind1=" " ind2="0"><subfield code="a">Conduct of life in literature</subfield><subfield code="v">Early works to 1800.</subfield></datafield><datafield tag="650" ind1=" " ind2="0"><subfield code="a">Didactic fiction, Persian</subfield><subfield code="v">Early works to 1800.</subfield></datafield><datafield tag="655" ind1=" " ind2="7"><subfield code="a">Headpieces (layout features)</subfield><subfield code="y">19th century.</subfield><subfield code="2">aat</subfield></datafield><datafield tag="700" ind1="0" ind2=" "><subfield code="a">Abdülhamid</subfield><subfield code="b">II,</subfield><subfield code="c">Sultan of the Turks,</subfield><subfield code="d">1842-1918,</subfield><subfield code="e">former owner.</subfield></datafield><datafield tag="773" ind1="0" ind2=" "><subfield code="a">Abdul Hamid Collection.</subfield></datafield><datafield tag="880" ind1="1" ind2="0"><subfield code="6">245-03/</subfield><subfield code="a">شمسه و قهقهه</subfield><subfield code="f">[1237ه، 1822م].</subfield></datafield><datafield tag="880" ind1="1" ind2="0"><subfield code="6">240-02/</subfield><subfield code="a">محبوب القلوب</subfield></datafield><datafield tag="880" ind1="1" ind2=" "><subfield code="6">100-01/</subfield><subfield code="a">فراهى, برخوردار ابن محمود.</subfield></datafield><datafield tag="CID" ind1=" " ind2=" "><subfield code="a">006817991</subfield></datafield><datafield tag="DAT" ind1="0" ind2=" "><subfield code="a">20190719102639.0</subfield><subfield code="b">20190719000000.0</subfield></datafield><datafield tag="DAT" ind1="1" ind2=" "><subfield code="a">20190719090653.0</subfield><subfield code="b">2019-07-19T16:11:53Z</subfield></datafield><datafield tag="DAT" ind1="2" ind2=" "><subfield code="a">2015-10-02T18:00:03Z</subfield></datafield><datafield tag="CAT" ind1=" " ind2=" "><subfield code="a">SDR-MIU</subfield><subfield code="d">EX LIBRIS - ALEPH</subfield><subfield code="l">prepare.pl-004-008</subfield></datafield><datafield tag="FMT" ind1=" " ind2=" "><subfield code="a">BK</subfield></datafield><datafield tag="HOL" ind1=" " ind2=" "><subfield code="0">sdr-miu006817991</subfield><subfield code="a">MiU</subfield><subfield code="b">SDR</subfield><subfield code="c">MIU</subfield><subfield code="p">mdp.39015079129774</subfield><subfield code="s">MIU</subfield><subfield code="1">006817991</subfield></datafield><datafield tag="974" ind1=" " ind2=" "><subfield code="b">MIU</subfield><subfield code="c">MIU</subfield><subfield code="d">20190719</subfield><subfield code="s">lit-dlps-dc</subfield><subfield code="u">mdp.39015079129774</subfield><subfield code="y">1822</subfield><subfield code="r">pd</subfield><subfield code="q">bib</subfield><subfield code="t">non-US bib date1 &lt; 1879</subfield></datafield></record></collection>